
@Manual{BibTool,
  title = 	 {BibTool},
  author =	 {Gerd Neugebauer},
  year =	 2011
}
