%%%%%%%%%%%%%%%%%%%%%%%%%%%%%%%%%%%%%%%%%%%%%%%%%%%%%%%%%%%%%%%%%%%%%%%%%%%%%%%
%%% $Id: bibtool.bib,v 1.1 2007-02-07 21:28:03 gene Exp $
%%%%%%%%%%%%%%%%%%%%%%%%%%%%%%%%%%%%%%%%%%%%%%%%%%%%%%%%%%%%%%%%%%%%%%%%%%%%%%%

@Book{		  knuth:texbook,
  author	= "Donald E. Knuth",
  title		= "The \TeX{}book",
  publisher	= "Addison-Wesley Publishing Company",
  year		= 1989,
  edition	= "15th"
}

@Book{		  goosens.mittelbach.ea:companion,
  author	= "Michel Goosens and Frank Mittelbach and Alexander
		  Samarin",
  title		= "The \LaTeX{} companion",
  publisher	= "Addison-Wesley Publishing Company",
  year		= 1994,
  optnote	= ""
}

@Book{		  lamport:latex,
  author	= "Leslie Lamport",
  title		= "{\LaTeX}: A Document Preparation System",
  publisher	= "Addison-Wesley Publishing Company",
  year		= "1994",
  edition	= "2nd"
}

@Manual{	  patashnik:bibtexing,
  title		= "\BibTeX{}ing",
  author	= "Oren Patashnik",
  OPTorganization="",
  OPTaddress	= "",
  OPTedition	= "",
  year		= 1988,
  OPTmonth	= "",
  OPTnote	= ""
}

@Manual{	  patashnik:designing,
  title		= "Designing \BibTeX{} Styles",
  author	= "Oren Patashnik",
  OPTorganization="",
  OPTaddress	= "",
  OPTedition	= "",
  year		= 1988,
  OPTmonth	= "",
  OPTnote	= ""
}
